<record><leader>00000cas a22000007a 4500</leader><controlfield tag="001">1716669</controlfield><controlfield tag="008">751019d18661876mnuwr ne      0   a0eng d</controlfield><datafield ind1=" " ind2=" " tag="010"><subfield code="a">sn 85033526 </subfield></datafield><datafield ind1=" " ind2=" " tag="040"><subfield code="a">MUL</subfield><subfield code="b">eng</subfield><subfield code="c">MUL</subfield><subfield code="d">NPX</subfield><subfield code="d">NPU</subfield><subfield code="d">MN#</subfield><subfield code="d">OCLCQ</subfield><subfield code="d">DLC</subfield><subfield code="d">OCLCF</subfield><subfield code="d">OCLCO</subfield></datafield><datafield ind1="0" ind2=" " tag="022"><subfield code="a">2326-764X</subfield><subfield code="2">1</subfield></datafield><datafield ind1="1" ind2=" " tag="029"><subfield code="a">AU@</subfield><subfield code="b">000025837113</subfield></datafield><datafield ind1=" " ind2=" " tag="042"><subfield code="a">msc</subfield><subfield code="a">nsdp</subfield></datafield><datafield ind1=" " ind2=" " tag="043"><subfield code="a">n-us-mn</subfield></datafield><datafield ind1="0" ind2="0" tag="050"><subfield code="a">Newspaper</subfield></datafield><datafield ind1=" " ind2=" " tag="052"><subfield code="a">4144</subfield><subfield code="b">S2</subfield></datafield><datafield ind1=" " ind2=" " tag="052"><subfield code="a">4143</subfield><subfield code="b">S6</subfield></datafield><datafield ind1="0" ind2="0" tag="082"><subfield code="a">071</subfield><subfield code="2">23</subfield></datafield><datafield ind1=" " ind2="4" tag="222"><subfield code="a">The St. Cloud journal</subfield><subfield code="b">(Print)</subfield></datafield><datafield ind1="0" ind2="4" tag="245"><subfield code="a">The St. Cloud journal.</subfield></datafield><datafield ind1="3" ind2="0" tag="246"><subfield code="a">Saint Cloud journal</subfield></datafield><datafield ind1=" " ind2=" " tag="260"><subfield code="a">St. Cloud, Minn. :</subfield><subfield code="b">W.B. Mitchell,</subfield><subfield code="c">1866-1876.</subfield></datafield><datafield ind1=" " ind2=" " tag="300"><subfield code="a">10 v.</subfield></datafield><datafield ind1=" " ind2=" " tag="310"><subfield code="a">Weekly</subfield></datafield><datafield ind1="0" ind2=" " tag="362"><subfield code="a">Vol. 9, no. 8 (Sept. 13, 1866)-v. 18, no. 44 (May 18, 1876).</subfield></datafield><datafield ind1=" " ind2=" " tag="530"><subfield code="a">Available on microfilm from the Minnesota Historical Society.</subfield></datafield><datafield ind1=" " ind2=" " tag="530"><subfield code="a">Archived issues are available in digital format as part of the Library of Congress Chronicling America online collection.</subfield></datafield><datafield ind1=" " ind2="0" tag="651"><subfield code="a">Saint Cloud (Minn.)</subfield><subfield code="v">Newspapers.</subfield></datafield><datafield ind1=" " ind2="7" tag="655"><subfield code="a">Newspapers.</subfield><subfield code="2">fast</subfield><subfield code="0">(OCoLC)fst01423814</subfield></datafield><datafield ind1=" " ind2="7" tag="651"><subfield code="a">Minnesota</subfield><subfield code="z">Saint Cloud.</subfield><subfield code="2">fast</subfield><subfield code="0">(OCoLC)fst01210140</subfield></datafield><datafield ind1=" " ind2=" " tag="752"><subfield code="a">United States</subfield><subfield code="b">Minnesota</subfield><subfield code="c">Stearns</subfield><subfield code="d">Saint Cloud.</subfield></datafield><datafield ind1="1" ind2=" " tag="776"><subfield code="a">St. Cloud journal (Online)</subfield><subfield code="x">2326-7658</subfield><subfield code="w">(DLC)  2013218559</subfield><subfield code="w">(OCoLC)828077899</subfield></datafield><datafield ind1="0" ind2="0" tag="780"><subfield code="t">St. Cloud Democrat</subfield><subfield code="x">2326-7569</subfield><subfield code="w">(DLC)sn 83016836</subfield><subfield code="w">(OCoLC)1764758</subfield></datafield><datafield ind1="0" ind2="7" tag="785"><subfield code="t">Saint Cloud press</subfield><subfield code="w">(DLC)sn 85025583</subfield><subfield code="w">(OCoLC)1764761</subfield></datafield><datafield ind1="0" ind2="7" tag="785"><subfield code="t">St. Cloud journal-press</subfield><subfield code="w">(DLC)sn 85025582</subfield><subfield code="w">(OCoLC)1764759</subfield></datafield><datafield ind1="4" ind2="1" tag="856"><subfield code="u">http://www.loc.gov/chroniclingamerica/lccn/sn85033526/issues</subfield></datafield></record>